<record><leader>00000cas a22000007a 4500</leader><controlfield tag="001">13048038</controlfield><controlfield tag="008">860122d19041951wvuwr ne      0    0eng d</controlfield><datafield ind1=" " ind2=" " tag="010"><subfield code="a">sn 86092084 </subfield></datafield><datafield ind1=" " ind2=" " tag="040"><subfield code="a">WVC</subfield><subfield code="b">eng</subfield><subfield code="c">WVC</subfield><subfield code="d">OCL</subfield><subfield code="d">OCLCQ</subfield></datafield><datafield ind1=" " ind2=" " tag="042"><subfield code="a">msc</subfield></datafield><datafield ind1="0" ind2="4" tag="245"><subfield code="a">The Mingo republican.</subfield></datafield><datafield ind1=" " ind2=" " tag="260"><subfield code="a">Williamson, W. Va. :</subfield><subfield code="b">Mingo Republican Newspaper Co.</subfield></datafield><datafield ind1=" " ind2=" " tag="300"><subfield code="a">v.</subfield></datafield><datafield ind1=" " ind2=" " tag="310"><subfield code="a">Weekly</subfield></datafield><datafield ind1="1" ind2=" " tag="362"><subfield code="a">Began in Apr., 1904.</subfield><subfield code="z">Cf. Publisher's statement.</subfield></datafield><datafield ind1="1" ind2=" " tag="362"><subfield code="a">Ceased in 1951?</subfield></datafield><datafield ind1=" " ind2=" " tag="500"><subfield code="a">"Official Organ of the Republican Party in Mingo County."</subfield></datafield><datafield ind1=" " ind2=" " tag="500"><subfield code="a">"Banner newspaper in the great Thacker coal field."</subfield></datafield><datafield ind1=" " ind2=" " tag="500"><subfield code="a">Editor: O.H. Booten.</subfield></datafield><datafield ind1=" " ind2=" " tag="588"><subfield code="a">Description based on: Vol. 7, no. 41 (Jan. 20, 1911).</subfield></datafield><datafield ind1=" " ind2=" " tag="752"><subfield code="a">United States</subfield><subfield code="b">West Virginia</subfield><subfield code="c">Mingo</subfield><subfield code="d">Williamson.</subfield></datafield></record>